@inproceedings{abawi2004accuracy,
  title={Accuracy in optical tracking with fiducial markers: An accuracy function for ARToolKit},
  author={Abawi, Daniel F and Bienwald, Joachim and Dorner, Ralf},
  booktitle={Proceedings of the 3rd IEEE/ACM International Symposium on Mixed and Augmented Reality},
  pages={260--261},
  year={2004},
  organization={IEEE Computer Society}
}

@article{lepetit2005monocular,
  title={Monocular model-based 3d tracking of rigid objects: A survey},
  author={Lepetit, Vincent and Fua, Pascal},
  journal={Foundations and trends in computer graphics and vision},
  volume={1},
  number={CVLAB-ARTICLE-2005-002},
  pages={1--89},
  year={2005}
}

@incollection{gordon2006and,
  title={What and where: 3D object recognition with accurate pose},
  author={Gordon, Iryna and Lowe, David G},
  booktitle={Toward category-level object recognition},
  pages={67--82},
  year={2006},
  publisher={Springer}
}

@inproceedings{piekarski2002using,
  title={Using ARToolKit for 3D hand position tracking in mobile outdoor environments},
  author={Piekarski, Wayne and Thomas, Bruce H},
  booktitle={Augmented Reality Toolkit, The first IEEE International Workshop},
  pages={2--pp},
  year={2002},
  organization={IEEE}
}

@online{WinNT,
  author = {MultiMedia LLC},
  title = {{MS Windows NT} Kernel Description},
  year = 1999,
  url = {http://web.archive.org/web/20080207010024/http://www.808multimedia.com/winnt/kernel.htm},
  urldate = {2010-09-30}
}

